<?xml version="1.0" encoding="UTF-8"?><record xmlns="http://www.loc.gov/MARC21/slim" xmlns:cinclude="http://apache.org/cocoon/include/1.0" xmlns:zs="http://www.loc.gov/zing/srw/">
  <leader>00604nz  a2200169n  4500</leader>
  <controlfield tag="001">no2005104625</controlfield>
  <controlfield tag="003">DLC</controlfield>
  <controlfield tag="005">20051108130506.0</controlfield>
  <controlfield tag="008">051104n| acannaabn          |a aaa     c</controlfield>
  <datafield tag="010" ind1=" " ind2=" ">
    <subfield code="a">no2005104625</subfield>
  </datafield>
  <datafield tag="035" ind1=" " ind2=" ">
    <subfield code="a">(OCoLC)oca06774179</subfield>
  </datafield>
  <datafield tag="040" ind1=" " ind2=" ">
    <subfield code="a">TNJ</subfield>
    <subfield code="b">eng</subfield>
    <subfield code="c">TNJ</subfield>
  </datafield>
  <datafield tag="100" ind1="1" ind2=" ">
    <subfield code="a">Vargas, Urbán de</subfield>
  </datafield>
  <datafield tag="400" ind1="1" ind2=" ">
    <subfield code="a">De Vargas, Urbán</subfield>
  </datafield>
  <datafield tag="400" ind1="1" ind2=" ">
    <subfield code="a">Bargas, Urbán de</subfield>
  </datafield>
  <datafield tag="670" ind1=" " ind2=" ">
    <subfield code="a">Música para exequias en tiempo de Felipe IV, 2004:</subfield>
    <subfield code="b">p. [5] (Urbán de Vargas)</subfield>
  </datafield>
  <datafield tag="670" ind1=" " ind2=" ">
    <subfield code="a">New Grove, 2nd ed. WWW site, Nov. 4, 2005</subfield>
    <subfield code="b">(Vargas [Bargas], Urbán de; b. Falces, Navarre; d. Valencia, bur. Oct. 8, 1656; Spanish composer)</subfield>
  </datafield>
</record>